 @misc{robonation_2022,
    author={RoboNation},
    title={RoboNation},
    howpublished={\url{https://robonation.org/}},
    url={https://robonation.org/}, 
    year={2022},
    month={Dec},
    note={Accessed: 2022-12-09}
 } 

